@Article{Haerkoenen2019,
  author = {H{\"a}rk{\"o}nen, Toni},
  title  = {Advantages and Implementation of Entity-Component-Systems},
  year   = {2019},
}
